<?xml version="1.0" encoding="UTF-8"?><record xmlns="http://www.loc.gov/MARC21/slim" xmlns:cinclude="http://apache.org/cocoon/include/1.0" xmlns:zs="http://www.loc.gov/zing/srw/">
  <leader>01743cz  a2200217n  4500</leader>
  <controlfield tag="001">no2002106954</controlfield>
  <controlfield tag="003">DLC</controlfield>
  <controlfield tag="005">20120815082100.0</controlfield>
  <controlfield tag="008">021122n| acannaabn          |a ana     c</controlfield>
  <datafield tag="010" ind1=" " ind2=" ">
    <subfield code="a">no2002106954</subfield>
  </datafield>
  <datafield tag="035" ind1=" " ind2=" ">
    <subfield code="a">(OCoLC)oca05918271</subfield>
  </datafield>
  <datafield tag="040" ind1=" " ind2=" ">
    <subfield code="a">NmU</subfield>
    <subfield code="b">eng</subfield>
    <subfield code="c">NmU</subfield>
    <subfield code="d">NmU</subfield>
    <subfield code="d">DLC</subfield>
  </datafield>
  <datafield tag="111" ind1="2" ind2=" ">
    <subfield code="a">Congrès pour l'avancement des études de stratigraphie carbonifère</subfield>
  </datafield>
  <datafield tag="411" ind1="2" ind2=" ">
    <subfield code="a">Avancement des études de stratigraphie carbonifère, Congrès pour l'</subfield>
  </datafield>
  <datafield tag="411" ind1="2" ind2=" ">
    <subfield code="a">Carboniferous Congress</subfield>
  </datafield>
  <datafield tag="411" ind1="2" ind2=" ">
    <subfield code="a">Stratigraphie carbonifère, Congrès pour l'avancement des études de</subfield>
  </datafield>
  <datafield tag="511" ind1="2" ind2=" ">
    <subfield code="w">b</subfield>
    <subfield code="a">Congrès pour l'avancement des études de stratigraphie et de géologie du carbonifère</subfield>
  </datafield>
  <datafield tag="667" ind1=" " ind2=" ">
    <subfield code="a">THIS 1XX FIELD CANNOT BE USED UNDER RDA UNTIL THIS RECORD HAS BEEN REVIEWED AND/OR UPDATED</subfield>
  </datafield>
  <datafield tag="670" ind1=" " ind2=" ">
    <subfield code="a">OCLC, Nov. 22, 2002</subfield>
    <subfield code="b">(hdg.: Congrès pour l'avancement des études de stratigraphie carbonifère; usages: Congrès pour l'avancement des études de stratigraphie carbonifère, Heerlen, 7-11 juin 1927 ; Deuxième Congrès pour l'avancement des études de stratigraphie carbonifère Heerlen, septembre 1935)</subfield>
  </datafield>
  <datafield tag="670" ind1=" " ind2=" ">
    <subfield code="a">Carboniferous and Permian of the world, 2002:</subfield>
    <subfield code="b">t.p. (XIV ICCP proceedings) p. iii (XIV International Congress on the Carboniferous and Permian; 1st Carboniferous Congress was held at Heerlen, The Netherlands, June 11-27, 1927; 2nd, 3rd and 4th congresses were also held at Heerlen in 1935, 1951, and 1958)</subfield>
  </datafield>
  <datafield tag="675" ind1=" " ind2=" ">
    <subfield code="a">OCLC, Nov. 22, 2002 (hdg.: Congrès pour l'avancement des études de stratigraphie et de géologie du carbonifère (3rd : 1951 : Heerlen, Netherlands); usage: Troisimème Congrès pour l'avancement des études de stratigraphie et de géologie du carbonifére, Heerlen, 25-30 juin, 1951)</subfield>
  </datafield>
</record>